<record><leader>00000cas a2200000 a 4500</leader><controlfield tag="001">8672182</controlfield><controlfield tag="008">820809c19549999iluwr ne      0   a0eng c</controlfield><datafield ind1=" " ind2=" " tag="010"><subfield code="a">sn 82005886 </subfield></datafield><datafield ind1=" " ind2=" " tag="040"><subfield code="a">NSD</subfield><subfield code="b">eng</subfield><subfield code="c">NSD</subfield><subfield code="d">NVF</subfield><subfield code="d">CVF</subfield><subfield code="d">NVF</subfield><subfield code="d">CVF</subfield><subfield code="d">CUS</subfield><subfield code="d">NVF</subfield><subfield code="d">OCLCQ</subfield><subfield code="d">OCLCF</subfield><subfield code="d">NVF</subfield></datafield><datafield ind1=" " ind2=" " tag="037"><subfield code="b">Pioneer Press, Inc., 3701 West Lake Ave., Glenview, IL 60025.</subfield></datafield><datafield ind1=" " ind2=" " tag="042"><subfield code="a">pcc</subfield></datafield><datafield ind1=" " ind2=" " tag="043"><subfield code="a">n-us-il</subfield></datafield><datafield ind1="0" ind2=" " tag="130"><subfield code="a">Northbrook star (Northbrook, Ill. : 1954)</subfield></datafield><datafield ind1="0" ind2="0" tag="245"><subfield code="a">Northbrook star.</subfield></datafield><datafield ind1=" " ind2=" " tag="260"><subfield code="a">Northbrook, Ill. :</subfield><subfield code="b">Lloyd Hollister, Inc.,</subfield><subfield code="c">1954-</subfield></datafield><datafield ind1=" " ind2=" " tag="300"><subfield code="a">v.</subfield></datafield><datafield ind1=" " ind2=" " tag="310"><subfield code="a">Weekly</subfield></datafield><datafield ind1="0" ind2=" " tag="362"><subfield code="a">Vol. 14, no. 36 (July 29, 1954)-</subfield></datafield><datafield ind1=" " ind2=" " tag="530"><subfield code="a">Also available via the World Wide Web.</subfield></datafield><datafield ind1=" " ind2="0" tag="651"><subfield code="a">Northbrook (Ill.)</subfield><subfield code="v">Newspapers.</subfield></datafield><datafield ind1=" " ind2="7" tag="651"><subfield code="a">Illinois</subfield><subfield code="z">Northbrook.</subfield><subfield code="2">fast</subfield><subfield code="0">(OCoLC)fst01218090</subfield></datafield><datafield ind1=" " ind2="7" tag="655"><subfield code="a">Newspapers.</subfield><subfield code="2">fast</subfield><subfield code="0">(OCoLC)fst01423814</subfield></datafield><datafield ind1=" " ind2=" " tag="752"><subfield code="a">United States</subfield><subfield code="b">Illinois</subfield><subfield code="c">Cook</subfield><subfield code="d">Northbrook.</subfield></datafield><datafield ind1="0" ind2="8" tag="776"><subfield code="i">Online version:</subfield><subfield code="t">Northbrook star (Online)</subfield><subfield code="w">(OCoLC)233143993</subfield></datafield><datafield ind1="0" ind2="0" tag="780"><subfield code="t">Northbrook star &amp; news</subfield><subfield code="w">(DLC)sn2001063219</subfield><subfield code="w">(OCoLC)47047242</subfield></datafield></record>